<?xml version="1.0" encoding="UTF-8"?><collection xmlns="http://www.loc.gov/MARC21/slim"><record><leader>00401nam--2200133-i-4500</leader><controlfield tag="001">000001073</controlfield><controlfield tag="002">20161230</controlfield><controlfield tag="005">20161230201024</controlfield><controlfield tag="008">060222s1000------------r-----000-0-eng-d</controlfield><datafield ind1=" " ind2=" " tag="080"><subfield code="a">512.533(043)</subfield></datafield><datafield ind1=" " ind2=" " tag="100"><subfield code="a">Herman, Michael Robert</subfield></datafield><datafield ind1=" " ind2=" " tag="245"><subfield code="a">Sur la conjugaison differentiable des diffeomorphises du cercle a des rotation. these</subfield></datafield><datafield ind1=" " ind2=" " tag="260"><subfield code="a">Paris, L Universite Paris Sud, 1977./Dif.P.</subfield></datafield><datafield ind1=" " ind2=" " tag="852"><subfield code="a">44800</subfield></datafield></record></collection>